% O arquivo a seguir traz os principais exemplos de referências bibliográficas.
% Produzido por Prof. André Leon S. Gradvohl, Dr.
% Última atualização: 24/janeiro/2020.
%
% Exemplo de artigo publicado em anais de congresso.
%@inproceedings{Caldana2017,
%address = {Uberl{\^{a}}ndia},
%author = {Caldana, Ismael and da Silva, Ana Estela Antunes and Coelho, Guilherme Palermo and Gradvohl, Andre Leon S.},
%booktitle = {2017 Brazilian Conference on Intelligent Systems (BRACIS)},
%doi = {10.1109/BRACIS.2017.31},
%isbn = {978-1-5386-2407-4},
%month = 10,
%pages = {204--209},
%publisher = {IEEE},
%title = {{Using X-Ray Flux Time Series for Solar Explosion Forecasting}},
%year = {2017}
%}

% Exemplo de relatório técnico ou apresentação.
%@techreport{Gradvohl2015b,
%address = {São José do Rio Preto},
%author = {Gradvohl, André Leon S.},
%doi = {10.6084/m9.figshare.1500786.v1},
%institution = {Escola Regional de Alto Desempenho em São Paulo},
%month = 8,
%title = {{Introdução aos sistemas distribuídos on-line para processamento de fluxos de dados – Parte II}},
%year = {2015}
%}

% Exemplo de relatório técnico ou apresentação.
%@techreport{Gradvohl2015a,
%address = {São José do Rio Preto},
%author = {Gradvohl, André Leon S.},
%doi = {10.6084/m9.figshare.1500787.v1},
%institution = {Escola Regional de Alto Desempenho em São Paulo},
%month = 8,
%title = {{Introdução aos sistemas distribuídos on-line para processamento de fluxos de dados – Parte I}},
%year = {2015}
%}

% Exemplo de artigo publicado em periódico científico (revista científica)
%@article{Gradvohl:2014,
%author = {Gradvohl, Andre Leon Sampaio},
%doi = {10.1109/TLA.2014.6894015},
%journal = {IEEE (Revista IEEE América Latina) Latin América Transactions},
%keywords = {High performance computing;Hybrid computing;Parall},
%number = {6},
%pages = {1162--1168},
%title = {{Metalanguage for high-performance computing on hybrid architectures}},
%volume = {12},
%year = {2014}
%}

% Exemplo de artigo publicado em anais de congresso.
%@inproceedings{Gradvohl2016,
%address = {Viena},
%author = {Gradvohl, Andre Leon Sampaio},
%booktitle = {2016 IEEE 4th International Conference on Future Internet of Things and Cloud Workshops (FiCloudW)},
%doi = {10.1109/W-FiCloud.2016.40},
%isbn = {978-1-5090-3946-3},
%month = 8,
%pages = {143--147},
%publisher = {IEEE},
%title = {{Investigating Metrics to Build a Benchmark Tool for Complex Event Processing Systems}},
%year = {2016}
%}

% Exemplo de artigo publicado em anais de congresso.
%@inproceedings{Gradvohl2008,
%address = {Porto Alegre},
%author = {Gradvohl, André Leon Sampaio},
%booktitle = {Workshop de Software Livre},
%doi = {10.13140/2.1.4484.4328},
%title = {{Software livre na construção de grades computacionais para processamento de alto desempenho}},
%year = {2008}
%}

% Exemplo de capítulo de livro publicado.
%@incollection{Gradvohl2015,
%address = {São Paulo},
%author = {Gradvohl, André Leon Sampaio},
%booktitle = {Inovações Tecnológicas nas Perspectivas Computacionais},
%chapter = {1},
%edition = {1},
%editor = {Murarolli, Patrícia Ligabó and Girotti, M{\'{a}}rcio Tadeu},
%isbn = {9788541609388},
%pages = {6--14},
%publisher = {Biblioteca24Horas},
%title = {{Infraestrutura para computação científica de alto desempenho: dos agrupamentos às grades computacionais.}},
%year = {2015}
%}

% Exemplo de apresentação.
%@misc{Gradvohl2016a,
%address = {Viena},
%author = {Gradvohl, André Leon Sampaio},
%doi = {10.13140/RG.2.2.23464.37124},
%title = {{Presentation investigating Metrics to build a benchmark tool for complex event processing systems}},
%year = {2016}
%}


% Exemplo de livro publicado.
%@book{Gradvohl2016b,
%address = {Saarbr{\"{u}}cken},
%author = {Gradvohl, André Leon Sampaio},
%edition = {1},
%isbn = {978-3-8417-2506-6},
%keywords = {Hipermídia,Padrão MPEG,TV Interativa},
%pages = {128},
%publisher = {Novas Edições Acadêmicas},
%title = {{TV Interativa Baseada na Inclusão de Informações Hipermídia em Vídeos no Padrão MPEG}},
%year = {2016}
%}

% Exemplo de patente ou registro de software.
%@misc{Gradvohl2016c,
%author = {Gradvohl, André Leon Sampaio},
%institution = {University of Campinas},
%publisher = {Brazilian National Institute of Industrial Property},
%title = {{B2-4CEP -- Benchmark Tool for Complex Event Processing Systems}},
%year = {2016}
%}

% Exemplo de artigo publicado em periódico científico (revista científica).
%@article{Gradvohl2014c,
%author = {Gradvohl, André Leon Sampaio and Senger, Hermes and Arantes, Luciana and Sens, Pierre},
%doi = {10.4304/jetwi.6.2.174-179},
%issn = {1799-8859},
%journal = {Journal of Emerging Technologies in Web Intelligence},
%keywords = {Distributed systems,Fault-tolerance,Online stream processing.,Systemapplications},
%number = {2},
%pages = {174--179},
%title = {{Comparing distributed online stream processing systems considering fault tolerance issues}},
%volume = {6},
%year = {2014}
%}

%Exemplo de site
%@online{Gradvohl2020,
%editor = {Gradvohl, André Leon Sampaio},
%title = {HighPIDS Research Group},
%url ={https://highpids.ft.unicamp.br},
%urldate ={2020-06-13},
%year ={2020}
%}

%Exemplo de patente
%@patent{Gradvohl2016d,
%author = {Gradvohl, André Leon Sampaio},
%title = {{B2-4CEP} -- {Benchmark Tool for Complex Event Processing systems}},
%date = {2016-11-28},
%type = {Número de Registro no INPI: BR512016001623-0},
%year = {2019}
%}

% Exemplo de software
%@software{Gradvohl2020b,
%author = {Moraes, Matheus Bernardelli and Gradvohl, André Leon Sampaio},
%title = {{MOAFS}: {A Massive Online Analysis library for feature selection in data streams}},
%url = {https://doi.org/10.6084/m9.figshare.11663307.v2},
%license = {CC-BY},
%address = {EUA},
%publisher = {JOSS},
%urldate ={2020-06-13},
%month = 1,
%year = {2020}
%}

% Coronavirus SUS
@software{CoronavirusSUS,
author = {DATASUS},
title = {Coronavírus - SUS},
url = {https://play.google.com/store/apps/details?id=br.gov.datasus.guardioes&hl=pt_BR&gl=US},
license = {},
address = {BR},
publisher = {Governo do Brasil},
urldate ={2021-06-03},
month = 3,
year = {2020}
}

% Citação framework do google e apple
@online{GoogleApple2020,
editor = {Google and Apple},
title = {Notificações de Exposição: tecnologia a serviço das autoridades de saúde pública no combate à COVID-19},
url ={https://www.google.com/covid19/exposurenotifications/},
urldate ={2021-06-01},
year ={2020}
}

% Citação do ipsos
@online{Gebrekal2021,
editor = {Gebrekal, Teodros},
title = {What Worries the World – March 2021},
url ={https://www.ipsos.com/en/what-worries-world-march-2021},
urldate ={2021-05-26},
year ={2021}
}

% Apresentação do Bill gates
@online{Gates2015,
editor = {Gates, Bill},
title = {The next outbreak? We're not ready},
url ={https://www.ted.com/talks/bill_gates_the_next_outbreak_we_re_not_ready},
urldate ={2021-05-26},
year ={2015}
}

% Datamodel Firestore
@online{FirestoreDataModel,
editor = {Firestore},
title = {Modelo de dados do Cloud Firestore},
url ={https://firebase.google.com/docs/firestore/data-model},
urldate ={2021-06-03},
year ={2021}
}

% Firestore docs
@online{FirestoreDocs,
editor = {Firestore},
title = {Cloud Firestore},
url ={https://firebase.google.com/docs/firestore},
urldate ={2021-06-03},
year ={2021}
}

% Pubsub docs
@online{PubSubDocs,
editor = {Pub/Sub},
title = {O que é o Pub/Sub?},
url ={https://cloud.google.com/pubsub/docs/overview},
urldate ={2021-06-03},
year ={2021}
}

% Medicina ambulatorial 
@incollection{Duncan2013,
author = {Duncan, Bruce Bartholow and Schmidt, Maria Inês and Giugliani, Elsa Regina Justo and Duncan, Michael Schmidt and Giugliani, Camila},
booktitle = {{Medicina ambulatorial: Condutas de Atenção Primária Baseadas em Evidências}},
chapter = {129},
edition = {4},
editor = {Toscano, Cristiana Maria},
isbn = {9788536326184},
pages = {1332--1347},
publisher = {Artmed},
title = {{Doenças Transmissíveis: Condutas Preventivas na Comunidade}},
year = {2013}
}

% Doencas transmissiveis pelo ar
@online{Descomplica,
editor = {Oda, Rubens Akeshi Macedo},
title = {Doenças transmissíveis pelo ar em Biologia},
url ={https://descomplica.com.br/d/vs/aula/doencas-transmissiveis-pelo-ar/},
urldate ={2021-06-12},
year ={2021}
}

% artigo sobre o SOLID
@online{unclebob,
editor = {Martin, Robert Cecil},
title = {{Design Principles and
Design Patterns}},
url ={https://fi.ort.edu.uy/innovaportal/file/2032/1/design_principles.pdf},
urldate ={2021-06-13},
year ={2000}
}

% artigo sobre o principio de liskov
@techreport{liskov,
address = {Pittsburgh},
author = {Liskov, Barbara H. and Wing, Jeannette M.},
doi = {10.21236/ada367674},
institution = {Carnegie Mellon University},
month = 7,
title = {{Behavioral Subtyping Using Invariants and Constraints}},
year = {1999}
}

% Referencia da arquitetura orientada a eventos
@online{redhat,
editor = {RedHat},
title = {{O que é arquitetura orientada a eventos?}},
url ={https://www.redhat.com/pt-br/topics/integration/what-is-event-driven-architecture},
urldate ={2021-06-13},
year ={2021}
}

% Referencia do GitFlow
@online{gitflow,
editor = {Driessen, Vincent},
title = {{A successful Git branching model}},
url ={https://nvie.com/posts/a-successful-git-branching-model/},
urldate ={2021-06-13},
year ={2020}
}

% Referencia uml
@online{uml,
editor = {UML},
title = {{INTRODUCTION TO OMG'S UNIFIED MODELING LANGUAGE}},
url ={https://www.uml.org/what-is-uml.htm},
urldate ={2021-06-14},
year ={2005}
}

@online{clean,
editor = {Martin, Robert Cecil},
title = {{The Clean Architecture}},
url ={https://blog.cleancoder.com/uncle-bob/2012/08/13/the-clean-architecture.html},
urldate ={2021-06-15},
year ={2012}
}

@book{cleanarchitecture,
author = {Robert Cecil Martin},
edition = {1},
isbn = {9780134494272},
pages = {432},
publisher = {Pearson},
title = {{Clean Architecture: A Craftsman's Guide to Software Structure and Design}},
year = {2017}
}

@book{patterns,
address = {Boston},
author = {Fowler, Martin},
edition = {1},
isbn = {978-0321127426},
pages = {560},
publisher = {Addison-Wesley Professional},
title = {{Patterns of Enterprise Application Architecture}},
year = {2002}
}

@book{ddd,
address = {Boston},
author = {Evans, Eric},
edition = {Illustrated},
isbn = {978-0321125217},
pages = {529},
publisher = {Addison-Wesley Professional},
title = {{Domain-Driven Design: Tackling Complexity in the Heart of Software}},
year = {2003}
}

@patent{moope,
author = {Rodrigues, Juneval},
title = {MOOPE SISTEMA DE RASTREAMENTO E GESTÃO DE FROTAS - Modulo Aplicativo ios/Android,Módulo Frotas,Modulo Central Comandos,Modulo Central Notificações, Modulo MeusMoopes},
date = {2021-6-21},
type = {Registro no INPI: BR512020002327-4},
year = {2020}
}